@book{studentmanual,
    author    = "TU Delft",
    title     = "Student Manual Lab Courses EE Semester 1",
    publisher = "TU Delft",
    number   = "",
    edition  = "",
    year      = "2016",
    month    = ""
}